<record><leader>00000cas a22000007a 4500</leader><controlfield tag="001">13803793</controlfield><controlfield tag="008">860630d19691981inuwr ne      0    0eng d</controlfield><datafield ind1=" " ind2=" " tag="010"><subfield code="a">sn 86058657 </subfield></datafield><datafield ind1=" " ind2=" " tag="040"><subfield code="a">NPI</subfield><subfield code="b">eng</subfield><subfield code="c">NPI</subfield><subfield code="d">OCLCQ</subfield></datafield><datafield ind1=" " ind2=" " tag="042"><subfield code="a">msc</subfield></datafield><datafield ind1="0" ind2="4" tag="245"><subfield code="a">The Carmel topics.</subfield></datafield><datafield ind1=" " ind2=" " tag="260"><subfield code="a">Carmel, Ind. :</subfield><subfield code="b">Topics Newspapers, Inc.,</subfield><subfield code="c">1969-1981.</subfield></datafield><datafield ind1=" " ind2=" " tag="300"><subfield code="a">4 v.</subfield></datafield><datafield ind1=" " ind2=" " tag="310"><subfield code="a">Weekly</subfield></datafield><datafield ind1="0" ind2=" " tag="362"><subfield code="a">Vol. 9, no. 2 (Nov. 6, 1969)-v. 12, no. 47 (Sept. 9, 1981).</subfield></datafield><datafield ind1=" " ind2=" " tag="500"><subfield code="a">Later published in Indianapolis.</subfield></datafield><datafield ind1=" " ind2=" " tag="500"><subfield code="a">"Serving central and southwest Hamilton County, including Carmel, Westfield, and Noblesville."</subfield></datafield><datafield ind1=" " ind2=" " tag="580"><subfield code="a">"Carmel topics will serve as companion publication to the Nora topics, which heretofore has been known as the Nora edition of the Suburban topics."</subfield></datafield><datafield ind1=" " ind2=" " tag="752"><subfield code="a">United States</subfield><subfield code="b">Indiana</subfield><subfield code="c">Hamilton</subfield><subfield code="d">Carmel.</subfield></datafield><datafield ind1=" " ind2=" " tag="752"><subfield code="a">United States</subfield><subfield code="b">Indiana</subfield><subfield code="c">Hamilton</subfield><subfield code="d">Westfield.</subfield></datafield><datafield ind1=" " ind2=" " tag="752"><subfield code="a">United States</subfield><subfield code="b">Indiana</subfield><subfield code="c">Hamilton</subfield><subfield code="d">Noblesville.</subfield></datafield><datafield ind1=" " ind2=" " tag="752"><subfield code="a">United States</subfield><subfield code="b">Indiana</subfield><subfield code="c">Marion</subfield><subfield code="d">Indianapolis.</subfield></datafield><datafield ind1="0" ind2="1" tag="780"><subfield code="t">Suburban topics</subfield><subfield code="w">(DLC)sn 87056369</subfield></datafield><datafield ind1="0" ind2="0" tag="785"><subfield code="t">Carmel tribune</subfield><subfield code="w">(DLC)sn 86058658</subfield></datafield><datafield ind1="1" ind2=" " tag="787"><subfield code="t">Nora topics</subfield><subfield code="w">(DLC)sn 87056419</subfield></datafield></record>